<record><leader>00000cas a22000007a 4500</leader><controlfield tag="001">13052075</controlfield><controlfield tag="008">860123d18701872wiuwr ne      0    0eng d</controlfield><datafield ind1=" " ind2=" " tag="010"><subfield code="a">sn 86086070 </subfield></datafield><datafield ind1=" " ind2=" " tag="040"><subfield code="a">NPV</subfield><subfield code="b">eng</subfield><subfield code="c">NPV</subfield><subfield code="d">OCLCQ</subfield></datafield><datafield ind1=" " ind2=" " tag="042"><subfield code="a">msc</subfield></datafield><datafield ind1=" " ind2=" " tag="045"><subfield code="a">w7w7</subfield></datafield><datafield ind1=" " ind2=" " tag="052"><subfield code="a">4123</subfield><subfield code="b">V4</subfield></datafield><datafield ind1="0" ind2="4" tag="245"><subfield code="a">The DeSoto republican.</subfield></datafield><datafield ind1="1" ind2="3" tag="246"><subfield code="a">Republican</subfield></datafield><datafield ind1=" " ind2=" " tag="260"><subfield code="a">DeSoto, Wis. :</subfield><subfield code="b">T.C. Medany,</subfield><subfield code="c">1870-1872.</subfield></datafield><datafield ind1=" " ind2=" " tag="300"><subfield code="a">v. :</subfield><subfield code="b">ill. (chiefly advertisements)</subfield></datafield><datafield ind1=" " ind2=" " tag="310"><subfield code="a">Weekly</subfield></datafield><datafield ind1="0" ind2=" " tag="362"><subfield code="a">Vol. 1, no. 1 (Dec. 15, 1870)-v. 2, no. 5 (Jan. 18, 1872).</subfield></datafield><datafield ind1=" " ind2=" " tag="500"><subfield code="a">Editor: T.C. Medany, Dec. 15, 1870-Jan. 18, 1872.</subfield></datafield><datafield ind1=" " ind2=" " tag="530"><subfield code="a">Available on microfilm from the State Historical Society of Wisconsin.</subfield></datafield><datafield ind1=" " ind2=" " tag="752"><subfield code="a">United States</subfield><subfield code="b">Wisconsin</subfield><subfield code="c">Vernon</subfield><subfield code="d">DeSoto.</subfield></datafield><datafield ind1="1" ind2=" " tag="029"><subfield code="a">AU@</subfield><subfield code="b">000025822956</subfield></datafield></record>